<?xml version="1.0" encoding="UTF-8"?><collection xmlns="http://www.loc.gov/MARC21/slim"><record><leader>00517nam--2200181-i-4500</leader><controlfield tag="001">000040618</controlfield><controlfield tag="002">20161230</controlfield><controlfield tag="005">20161230201042</controlfield><controlfield tag="008">060222s1000------------r-----000-0-ger-d</controlfield><datafield ind1=" " ind2=" " tag="041"><subfield code="a">ger</subfield></datafield><datafield ind1=" " ind2=" " tag="080"><subfield code="a">524.1</subfield></datafield><datafield ind1="1" ind2=" " tag="100"><subfield code="a">Schneider-carius,Karl</subfield></datafield><datafield ind1="1" ind2="0" tag="245"><subfield code="a">Die grundschcht der troposphare</subfield><subfield code="c">Karl schneider-carius</subfield></datafield><datafield ind1=" " ind2=" " tag="260"><subfield code="a">Leipzig</subfield><subfield code="b">Akad.Verlagsgesellschaftgeest &amp; Portig K.G</subfield><subfield code="c">1953</subfield></datafield><datafield ind1=" " ind2=" " tag="300"><subfield code="a">XI + 168 P</subfield></datafield><datafield ind1=" " ind2=" " tag="490"><subfield code="a">Probleme Der Kosmischen Physik</subfield></datafield><datafield ind1=" " ind2=" " tag="852"><subfield code="a">47723</subfield><subfield code="c">523.164</subfield></datafield><datafield ind1=" " ind2=" " tag="CAT"><subfield code="a">Sys</subfield><subfield code="c">20141210</subfield><subfield code="h">180837</subfield></datafield></record></collection>